<?xml version="1.0" encoding="UTF-8"?>
  <record xmlns="http://www.loc.gov/MARC21/slim" type="Authority">
    <leader>00000nz  a2200000oc 4500</leader>
    <controlfield tag="001">1201696445</controlfield>
    <controlfield tag="003">DE-101</controlfield>
    <controlfield tag="005">20210526121517.0</controlfield>
    <controlfield tag="008">191217n||aznnnaabn           | aaa    |c</controlfield>
    <datafield tag="024" ind1="7" ind2=" ">
      <subfield code="a">1201696445</subfield>
      <subfield code="0">http://d-nb.info/gnd/1201696445</subfield>
      <subfield code="2">gnd</subfield>
    </datafield>
    <datafield tag="035" ind1=" " ind2=" ">
      <subfield code="a">(DE-101)1201696445</subfield>
    </datafield>
    <datafield tag="035" ind1=" " ind2=" ">
      <subfield code="a">(DE-588)1201696445</subfield>
    </datafield>
    <datafield tag="040" ind1=" " ind2=" ">
      <subfield code="a">DE-17</subfield>
      <subfield code="c">DE-17</subfield>
      <subfield code="9">r:DE-17</subfield>
      <subfield code="b">ger</subfield>
      <subfield code="d">0017</subfield>
      <subfield code="e">rda</subfield>
    </datafield>
    <datafield tag="042" ind1=" " ind2=" ">
      <subfield code="a">gnd3</subfield>
    </datafield>
    <datafield tag="043" ind1=" " ind2=" ">
      <subfield code="c">XA-DE</subfield>
    </datafield>
    <datafield tag="075" ind1=" " ind2=" ">
      <subfield code="b">p</subfield>
      <subfield code="2">gndgen</subfield>
    </datafield>
    <datafield tag="075" ind1=" " ind2=" ">
      <subfield code="b">piz</subfield>
      <subfield code="2">gndspec</subfield>
    </datafield>
    <datafield tag="079" ind1=" " ind2=" ">
      <subfield code="a">g</subfield>
      <subfield code="q">a</subfield>
      <subfield code="q">f</subfield>
      <subfield code="q">h</subfield>
    </datafield>
    <datafield tag="100" ind1="1" ind2=" ">
      <subfield code="a">Schäl, Johann Friedrich Wilhelm</subfield>
      <subfield code="d">1729-1747</subfield>
    </datafield>
    <datafield tag="400" ind1="1" ind2=" ">
      <subfield code="a">Schael, Johann Friedrich Wilhelm</subfield>
      <subfield code="d">1729-1747</subfield>
    </datafield>
    <datafield tag="400" ind1="1" ind2=" ">
      <subfield code="a">Schaelius, Joh. Fried. Wilh.</subfield>
      <subfield code="d">1729-1747</subfield>
    </datafield>
    <datafield tag="500" ind1="1" ind2=" ">
      <subfield code="0">(DE-101)104201894</subfield>
      <subfield code="0">(DE-588)104201894</subfield>
      <subfield code="0">https://d-nb.info/gnd/104201894</subfield>
      <subfield code="a">Schäl, Gottfried Benjamin</subfield>
      <subfield code="d">1697-1761</subfield>
      <subfield code="4">bezf</subfield>
      <subfield code="4">https://d-nb.info/standards/elementset/gnd#familialRelationship</subfield>
      <subfield code="w">r</subfield>
      <subfield code="i">Beziehung familiaer</subfield>
      <subfield code="e">Beziehung familiaer</subfield>
      <subfield code="9">v:Vater</subfield>
    </datafield>
    <datafield tag="500" ind1="1" ind2=" ">
      <subfield code="0">(DE-101)103117148</subfield>
      <subfield code="0">(DE-588)103117148</subfield>
      <subfield code="0">https://d-nb.info/gnd/103117148</subfield>
      <subfield code="a">Schäl, Christian Ludwig</subfield>
      <subfield code="d">1728-1772</subfield>
      <subfield code="4">bezf</subfield>
      <subfield code="4">https://d-nb.info/standards/elementset/gnd#familialRelationship</subfield>
      <subfield code="w">r</subfield>
      <subfield code="i">Beziehung familiaer</subfield>
      <subfield code="e">Beziehung familiaer</subfield>
      <subfield code="9">v:Bruder</subfield>
    </datafield>
    <datafield tag="548" ind1=" " ind2=" ">
      <subfield code="a">1729-1747</subfield>
      <subfield code="4">datl</subfield>
      <subfield code="4">https://d-nb.info/standards/elementset/gnd#dateOfBirthAndDeath</subfield>
      <subfield code="w">r</subfield>
      <subfield code="i">Lebensdaten</subfield>
    </datafield>
    <datafield tag="548" ind1=" " ind2=" ">
      <subfield code="a">08.10.1729-XX.XX.1747</subfield>
      <subfield code="4">datx</subfield>
      <subfield code="4">https://d-nb.info/standards/elementset/gnd#dateOfBirthAndDeath</subfield>
      <subfield code="w">r</subfield>
      <subfield code="i">Exakte Lebensdaten</subfield>
      <subfield code="9">v:Bestattungsdatum: 02.07.1747</subfield>
    </datafield>
    <datafield tag="551" ind1=" " ind2=" ">
      <subfield code="0">(DE-101)040232018</subfield>
      <subfield code="0">(DE-588)4023201-3</subfield>
      <subfield code="0">https://d-nb.info/gnd/4023201-3</subfield>
      <subfield code="a">Hanau</subfield>
      <subfield code="4">ortg</subfield>
      <subfield code="4">https://d-nb.info/standards/elementset/gnd#placeOfBirth</subfield>
      <subfield code="w">r</subfield>
      <subfield code="i">Geburtsort</subfield>
    </datafield>
    <datafield tag="551" ind1=" " ind2=" ">
      <subfield code="0">(DE-101)040374467</subfield>
      <subfield code="0">(DE-588)4037446-4</subfield>
      <subfield code="0">https://d-nb.info/gnd/4037446-4</subfield>
      <subfield code="a">Marburg</subfield>
      <subfield code="4">ortw</subfield>
      <subfield code="4">https://d-nb.info/standards/elementset/gnd#placeOfActivity</subfield>
      <subfield code="w">r</subfield>
      <subfield code="i">Wirkungsort</subfield>
    </datafield>
    <datafield tag="551" ind1=" " ind2=" ">
      <subfield code="0">(DE-101)040232018</subfield>
      <subfield code="0">(DE-588)4023201-3</subfield>
      <subfield code="0">https://d-nb.info/gnd/4023201-3</subfield>
      <subfield code="a">Hanau</subfield>
      <subfield code="4">orts</subfield>
      <subfield code="4">https://d-nb.info/standards/elementset/gnd#placeOfDeath</subfield>
      <subfield code="w">r</subfield>
      <subfield code="i">Sterbeort</subfield>
    </datafield>
    <datafield tag="670" ind1=" " ind2=" ">
      <subfield code="a">Provenienzmerkmal</subfield>
      <subfield code="b">Autogramm</subfield>
    </datafield>
    <datafield tag="670" ind1=" " ind2=" ">
      <subfield code="a">Strieder, Friedrich Wilhelm: Grundlage zu einer hessischen Gelehrten und Schriftsteller Geschichte. Bd. 12, S. 222</subfield>
    </datafield>
    <datafield tag="670" ind1=" " ind2=" ">
      <subfield code="a">Aschkewitz, Max [Bearb.]: Pfarrergeschichte des Sprengels Hanau ("Hanauer Union") bis 1968 (Kurhessisch-waldeckisches Pfarrerbuch ; 2). Teil 1. Marburg 1984, S. 60</subfield>
    </datafield>
    <datafield tag="678" ind1=" " ind2=" ">
      <subfield code="b">In Hanau geboren, besuchte das Hanauer Gymnasium, 1744 mit seinem älteren Bruder an der Universität Marburg eingeschrieben (stud. phil. et med.). Schon 1747 gestorben.</subfield>
    </datafield>
  </record>
